<marc:record xmlns:marc="http://www.loc.gov/MARC21/slim" xmlns:xsi="http://www.w3.org/2001/XMLSchema-instance" xsi:schemaLocation="http://www.loc.gov/MARC21/slim http://www.loc.gov/standards/marcxml/schema/MARC21slim.xsd">
  <marc:leader>     nam a2200229 a 45M</marc:leader>
  <marc:controlfield tag="001">001699462</marc:controlfield>
  <marc:controlfield tag="003">NNU</marc:controlfield>
  <marc:controlfield tag="005">20061010171209.0</marc:controlfield>
  <marc:controlfield tag="008">010201s1954    sy            000 0 araod</marc:controlfield>
  <marc:datafield tag="035" ind1="9" ind2=" ">
    <marc:subfield code="a">NYUb12247475</marc:subfield>
  </marc:datafield>
  <marc:datafield tag="035" ind1=" " ind2=" ">
    <marc:subfield code="a">(CStRLIN)NYUG01-B625</marc:subfield>
  </marc:datafield>
  <marc:datafield tag="040" ind1=" " ind2=" ">
    <marc:subfield code="a">MiU</marc:subfield>
    <marc:subfield code="c">MiUd</marc:subfield>
    <marc:subfield code="d">NNU</marc:subfield>
  </marc:datafield>
  <marc:datafield tag="066" ind1=" " ind2=" ">
    <marc:subfield code="c">(3</marc:subfield>
  </marc:datafield>
  <marc:datafield tag="090" ind1=" " ind2=" ">
    <marc:subfield code="a">PJ6161</marc:subfield>
    <marc:subfield code="b">.N3</marc:subfield>
  </marc:datafield>
  <marc:datafield tag="100" ind1="1" ind2=" ">
    <marc:subfield code="6">01</marc:subfield>
    <marc:subfield code="a">Nakhla, Rafaël.</marc:subfield>
  </marc:datafield>
  <marc:datafield tag="100" ind1="1" ind2=" ">
    <marc:subfield code="6">01</marc:subfield>
    <marc:subfield code="a">نخله، رفائيل.</marc:subfield>
  </marc:datafield>
  <marc:datafield tag="245" ind1="1" ind2="0">
    <marc:subfield code="6">02</marc:subfield>
    <marc:subfield code="a">Arbaʻat ālāf ʻarbāwīyah :</marc:subfield>
    <marc:subfield code="b">ay taʻbīr mukhtaṣ bi-al-lughah al-ʻArabīyah /</marc:subfield>
    <marc:subfield code="c">bi-qalam Rafāī̕l Nakhlah al-Yasūʻī.</marc:subfield>
  </marc:datafield>
  <marc:datafield tag="245" ind1="1" ind2="0">
    <marc:subfield code="6">02</marc:subfield>
    <marc:subfield code="a">اربعة الاف عرباوية :</marc:subfield>
    <marc:subfield code="b">بتعبير مختص باللغة العربية /</marc:subfield>
    <marc:subfield code="c">تاليف رفائيل نخله اليسوعى.</marc:subfield>
  </marc:datafield>
  <marc:datafield tag="260" ind1=" " ind2=" ">
    <marc:subfield code="6">03</marc:subfield>
    <marc:subfield code="a">Ḥalab :</marc:subfield>
    <marc:subfield code="b">Maṭbʻat al-Iḥsān,</marc:subfield>
    <marc:subfield code="c">1954.</marc:subfield>
  </marc:datafield>
  <marc:datafield tag="260" ind1=" " ind2=" ">
    <marc:subfield code="6">03</marc:subfield>
    <marc:subfield code="a">حلب :</marc:subfield>
    <marc:subfield code="b">مكتبة الاحسان،</marc:subfield>
    <marc:subfield code="c">١٩٥٤.</marc:subfield>
  </marc:datafield>
  <marc:datafield tag="300" ind1=" " ind2=" ">
    <marc:subfield code="a">128 p. ;</marc:subfield>
    <marc:subfield code="c">22 cm.</marc:subfield>
  </marc:datafield>
  <marc:datafield tag="650" ind1=" " ind2="0">
    <marc:subfield code="a">Arabic language</marc:subfield>
    <marc:subfield code="v">Terms and phrases.</marc:subfield>
  </marc:datafield>
  <marc:datafield tag="998" ind1=" " ind2=" ">
    <marc:subfield code="a">20010201</marc:subfield>
    <marc:subfield code="d">20010201</marc:subfield>
    <marc:subfield code="d">20010419</marc:subfield>
    <marc:subfield code="n">NNU</marc:subfield>
    <marc:subfield code="s">1</marc:subfield>
    <marc:subfield code="t">c</marc:subfield>
    <marc:subfield code="z">p</marc:subfield>
  </marc:datafield>
</marc:record>
